@Manual{stuttle,
  title = {Distant Nature: Astronomy Exercises},
  author = {Stephen Tuttle},
  organization = {OER Commons},
  address = {Texas, United States},
  year = {2016},
  url = {https://oercommons.org/authoring/17181-distant-nature-astronomy-exercises/1/view},
}
